
@article{ConesaKrueger,
  author  = {Juan C. Conesa and Dirk Krueger},
  journal = {Review of Economic Dynamics},
  number  = {2},
  pages   = { 757-795},
  title   = {Social Security Reform with Heterogeneous Agents},
  year    = {1999}
}

@book{Arbuckle10,
  address   = {Birmingham, UK},
  author    = {Daniel Arbuckle},
  publisher = {Packt Publishing},
  title     = {Python Testing: Beginner's Guide},
  year      = {2010}
}


